@misc{lanl_source,
	author = {Alexander D. Kent},
	year = {2017},
	title = {{Comprehensive, Multi-Source Cyber-Security Events}},
	month = {Jul},
	url = {https://csr.lanl.gov/data/cyber1},
	howpublished = {Los Alamos National Laboratory},
	doi = {10.17021/1179829}
}

@article{dan_1,
	author = {Iyyer, Mohit and Manjunatha, Varun and Boyd-Graber, Jordan and Iii, Hal Daum{\ifmmode\acute{e}\else\'{e}\fi}},
	year = {2015},
	title = {{Deep Unordered Composition Rivals Syntactic Methods for Text Classification}},
	journal = {Proceedings of the 53rd Annual Meeting of the Association for Computational Linguistics and the 7th International Joint Conference on Natural Language Processing (Volume 1: Long Papers)},
	volume = {1},
	pages = {1681--1691},
	doi = {10.3115/v1/P15-1162}
}

@article{dan_2,
	author = {Chen, Xilun and Sun, Yu and Athiwaratkun, Ben and Cardie, Claire and Weinberger, Kilian},
	year = {2016},
	title = {{Adversarial Deep Averaging Networks for Cross-Lingual Sentiment Classification}},
	journal = {arXiv},
	month = {Jun},
	eprint = {1606.01614},
	url = {https://arxiv.org/abs/1606.01614}
}

@book{deep_learning_book,
	title={Deep Learning},
	author={Ian Goodfellow and Yoshua Bengio and Aaron Courville},
	year={2016},
	publisher={MIT Press},
	note = {[Online; accessed 11. Jan. 2019]},
	url={http://www.deeplearningbook.org}
}

@article{bow,
	author = {D'Souza, Jocelyn},
	year = {2018},
	title = {{An Introduction to Bag-of-Words in NLP}},
	journal = {Medium},
	month = {Jun},
	publisher = {GreyAtom},
	url = {https://medium.com/greyatom/an-introduction-to-bag-of-words-in-nlp-ac967d43b428}
}

@article{rnn_attention_lanl,
	author = {Brown, Andy and Tuor, Aaron and Hutchinson, Brian and Nichols, Nicole},
	year = {2018},
	title = {{Recurrent Neural Network Attention Mechanisms for Interpretable System Log Anomaly Detection}},
	journal = {arXiv},
	month = {Mar},
	eprint = {1803.04967},
	url = {https://arxiv.org/abs/1803.04967}
}

@article{cnn-1,
	author = {Golovko, Vladimir and Egor, Mikhno and Brich, Aliaksandr and Sachenko, Anatoliy},
	year = {2017},
	title = {{A Shallow Convolutional Neural Network for Accurate Handwritten Digits Classification}},
	journal = {Communications in Computer and Information Science},
	volume = {673},
	pages = {77--85},
	month = {Feb},
	isbn = {978-3-319-54219-5},
	doi = {10.1007/978-3-319-54220-1_8}
}


@book{mlp,
	author = {Rumelhart, D. E. and Hinton, G. E. and Williams, R. J.},
	title = {{Learning internal representations by error propagation}},
	year = {1986},
	month = {Jan},
	isbn = {978-0-262-6805-NaN},
	publisher = {MIT Press},
	url = {http://dl.acm.org/citation.cfm?id=104279.104293}
}

@article{lstm_cluster,
	author = {Zhang, Ke and Xu, Jianwu and Min, Martin Renqiang and Jiang, Guofei and Pelechrinis, Konstantinos and Zhang, Hui},
	title = {{Automated IT system failure prediction: A deep learning approach}},
	journal = {undefined},
	year = {2016},
	url = {https://www.semanticscholar.org/paper/Automated-IT-system-failure-prediction%3A-A-deep-Zhang-Xu/95193d2c016f1ee266b1dbf714678ce6bb1bb2ea}
}

@article{cnn-2,
	author = {Kim, Yoon},
	title = {{Convolutional Neural Networks for Sentence Classification}},
	journal = {arXiv},
	year = {2014},
	month = {Aug},
	eprint = {1408.5882},
	url = {https://arxiv.org/abs/1408.5882}
}

---------------

@article{batch,
	author = {Jason Brownlee},
	year = {2017},
	title = {{A Gentle Introduction to Mini-Batch Gradient Descent and How to Configure Batch Size}},
	journal = {Machine Learning Mastery},
	month = {07},
	language = {english},
	urldate = {2018-04-13},
	url = {https://machinelearningmastery.com/gentle-introduction-mini-batch-gradient-descent-configure-batch-size}
}


@misc{LSTM,
	title = {{Understanding LSTM Networks}},
	author = {Christopher Olah},
	year = {2015},
	month = {08},
	urldate = {2018-04-24},
	url = {http://colah.github.io/posts/2015-08-Understanding-LSTMs}
}

@misc{UnreasonableRNN,
	title = {{The Unreasonable Effectiveness of Recurrent Neural Networks}},
	author = {Andrej Karpathy},
	year = {2015},
	month = {05},
	urldate = {2018-04-23},
	url = {http://karpathy.github.io/2015/05/21/rnn-effectiveness}
}

@article{LearningRateOptimisation,
	author = {Pavel Surmenok},
	title = {{Estimating an Optimal Learning Rate For a Deep Neural Network}},
	journal = {Towards Data Science},
	year = {2017},
	month = {11},
	urldate = {2018-08-17},
	url = {https://towardsdatascience.com/estimating-optimal-learning-rate-for-a-deep-neural-network-ce32f2556ce0}
}

@article{pooling_simple,
	author    = {Dinghan Shen and Guoyin Wang and Wenlin Wang and Martin Renqiang Min and Qinliang Su and Yizhe Zhang and Chunyuan Li and Ricardo Henao and Lawrence Carin},
	year      = {2018},
	title     = {Baseline Needs More Love: On Simple Word-Embedding-Based Models and
	Associated Pooling Mechanisms},
	journal   = {CoRR},
	month = {05},
	url       = {http://arxiv.org/abs/1805.09843},
	archivePrefix = {arXiv},
	eprint    = {1805.09843},
	urldate = {2018-08-17},
	primaryClass = "cs.CL",
}

@article{JozefowiczVSSW16,
	author    = {Rafal J{\'{o}}zefowicz and
	Oriol Vinyals and
	Mike Schuster and
	Noam Shazeer and
	Yonghui Wu},
	title     = {Exploring the Limits of Language Modeling},
	journal   = {CoRR},
	primaryClass = "cs.CL",
	year      = {2016},
	month = {02},
	url       = {http://arxiv.org/abs/1602.02410},
	archivePrefix = {arXiv},
	urldate = {2018-08-17},
	eprint    = {1602.02410},
}